<record xmlns="http://www.loc.gov/MARC21/slim" xmlns:xsi="http://www.w3.org/2001/XMLSchema-instance" xsi:schemaLocation="http://www.loc.gov/MARC21/slim http://www.loc.gov/standards/marcxml/schema/MARC21slim.xsd">

  <leader>00524nam a2200145   4500</leader>
  <controlfield tag="008">161003b2013    e  ||||| |||| 00| | spa d</controlfield>
  <datafield ind2=" " tag="090" ind1=" ">
    <subfield code="a">05.01.01</subfield>
    <subfield code="b">2380</subfield>
  </datafield>
  <datafield ind2=" " tag="100" ind1="1">
    <subfield code="9">2036</subfield>
    <subfield code="a">Villarroel Idrovo, Jorge</subfield>
  </datafield>
  <datafield ind2="0" tag="245" ind1="1">
    <subfield code="a">Filosofía para aprender a vivir: Concepciones sobre la filosofía en estudiantes de bachillerato /</subfield>
    <subfield code="c">Jorge Villarroel Idrovo</subfield>
  </datafield>
  <datafield ind2=" " ind1=" " tag="260">
    <subfield code="a">Ibarra, Ecucador :</subfield>
    <subfield code="b">Universidad Técnica del Norte,</subfield>
    <subfield code="c">2013</subfield>
  </datafield>
  <datafield ind2=" " tag="300" ind1=" ">
    <subfield code="a">70 páginas</subfield>
  </datafield>
  <datafield ind2="4" ind1="1" tag="650">
    <subfield code="9">336</subfield>
    <subfield code="a">FILOSOFÍA</subfield>
  </datafield>
  <datafield tag="650" ind1="1" ind2="4">
    <subfield code="9">456</subfield>
    <subfield code="a">EDUCACIÓN SECUNDARIA</subfield>
  </datafield>
  <datafield tag="942" ind1=" " ind2=" ">
    <subfield code="2">z</subfield>
    <subfield code="c">01</subfield>
  </datafield>
  <datafield ind1=" " tag="999" ind2=" ">
    <subfield code="c">3327</subfield>
    <subfield code="d">3327</subfield>
  </datafield>
</record>